<record><leader>03122cam a2200409 i 45 0</leader><controlfield tag="001">6804800</controlfield><controlfield tag="003">OCoLC</controlfield><controlfield tag="005">20150212163558.0</controlfield><controlfield tag="008">140718s2015    flua     b    001 0 eng  </controlfield><datafield ind1=" " ind2=" " tag="010"><subfield code="a">  2014019434</subfield></datafield><datafield ind1=" " ind2=" " tag="020"><subfield code="a">9781466568327 (hardback)</subfield></datafield><datafield ind1=" " ind2=" " tag="020"><subfield code="a">1466568321 (hardback)</subfield></datafield><datafield ind1="8" ind2=" " tag="024"><subfield code="a">40023930100</subfield></datafield><datafield ind1=" " ind2=" " tag="035"><subfield code="a">ocn884139259</subfield></datafield><datafield ind1=" " ind2=" " tag="040"><subfield code="a">DLC</subfield><subfield code="b">eng</subfield><subfield code="e">rda</subfield><subfield code="c">DLC</subfield><subfield code="d">YDX</subfield><subfield code="d">YDXCP</subfield><subfield code="d">YUS</subfield><subfield code="d">BTCTA</subfield><subfield code="d">OCLCO</subfield><subfield code="d">CHVBK</subfield><subfield code="d">AEGMCT</subfield></datafield><datafield ind1=" " ind2=" " tag="042"><subfield code="a">pcc</subfield></datafield><datafield ind1=" " ind2=" " tag="043"><subfield code="a">e------</subfield></datafield><datafield ind1="0" ind2="0" tag="050"><subfield code="a">HC79.I5</subfield><subfield code="b">L646 2015</subfield></datafield><datafield ind1="0" ind2="0" tag="082"><subfield code="a">339.2/2094</subfield><subfield code="2">23</subfield></datafield><datafield ind1=" " ind2=" " tag="090"><subfield code="a">HC79 .I5 L646 2015</subfield><subfield code="b">AEGMCT</subfield></datafield><datafield ind1="1" ind2=" " tag="100"><subfield code="a">Longford, Nicholas T.,</subfield><subfield code="d">1955-</subfield></datafield><datafield ind1="1" ind2="0" tag="245"><subfield code="a">Statistical studies of income, poverty and inequality in Europe :</subfield><subfield code="b">computing and graphics in R using EU-SILC /</subfield><subfield code="c">Nicholas T. Longford.</subfield></datafield><datafield ind1=" " ind2="1" tag="264"><subfield code="a">Boca Raton :</subfield><subfield code="b">CRC Press, Taylor &amp; Francis Group,</subfield><subfield code="c">[2015]</subfield></datafield><datafield ind1=" " ind2=" " tag="300"><subfield code="a">xxii, 354 pages :</subfield><subfield code="b">illustrations ;</subfield><subfield code="c">24 cm</subfield></datafield><datafield ind1=" " ind2=" " tag="336"><subfield code="a">text</subfield><subfield code="2">rdacontent</subfield></datafield><datafield ind1=" " ind2=" " tag="337"><subfield code="a">unmediated</subfield><subfield code="2">rdamedia</subfield></datafield><datafield ind1=" " ind2=" " tag="338"><subfield code="a">volume</subfield><subfield code="2">rdacarrier</subfield></datafield><datafield ind1="1" ind2=" " tag="490"><subfield code="a">Chapman &amp; Hall/CRC statistics in the social and behavioral sciences</subfield></datafield><datafield ind1=" " ind2=" " tag="504"><subfield code="a">Includes bibliographical references (pages 203 -219) and index.</subfield></datafield><datafield ind1=" " ind2=" " tag="520"><subfield code="a">"There is no shortage of incentives to study and reduce poverty in our societies. Poverty is studied in economics and political sciences, and population surveys are an important source of information about it. The design and analysis of such surveys is principally a statistical subject matter and the computer is essential for their data compilation and processing.Focusing on The European Union Statistics on Income and Living Conditions (EU-SILC), a program of annual national surveys which collect data related to poverty and social exclusion, Statistical Studies of Income, Poverty and Inequality in Europe: Computing and Graphics in R presents a set of statistical analyses pertinent to the general goals of EU-SILC. The contents of the volume are biased toward computing and statistics, with reduced attention to economics, political and other social sciences. The emphasis is on methods and procedures as opposed to results, because the data from annual surveys made available since publication and in the near future will degrade the novelty of the data used and the results derived in this volume.The aim of this volume is not to propose specific methods of analysis, but to open up the analytical agenda and address the aspects of the key definitions in the subject of poverty assessment that entail nontrivial elements of arbitrariness. The presented methods do not exhaust the range of analyses suitable for EU-SILC, but will stimulate the search for new methods and adaptation of established methods that cater to the identified purposes"--</subfield><subfield code="c">Provided by publisher.</subfield></datafield><datafield ind1=" " ind2=" " tag="596"><subfield code="a">29</subfield></datafield><datafield ind1=" " ind2="0" tag="650"><subfield code="a">Income distribution</subfield><subfield code="z">Europe.</subfield></datafield><datafield ind1=" " ind2="0" tag="650"><subfield code="a">Poverty</subfield><subfield code="z">Europe.</subfield></datafield><datafield ind1=" " ind2="0" tag="650"><subfield code="a">Equality</subfield><subfield code="z">Europe.</subfield></datafield><datafield ind1=" " ind2="0" tag="650"><subfield code="a">Social sciences</subfield><subfield code="x">Research</subfield><subfield code="x">Mathematical models.</subfield></datafield><datafield ind1=" " ind2="0" tag="830"><subfield code="a">Statistics in the social and behavioral sciences series.</subfield></datafield><datafield ind1=" " ind2=" " tag="926"><subfield code="a">HC79 .I5 L646 2015</subfield><subfield code="w">LC</subfield><subfield code="c">1</subfield><subfield code="i">1007434226</subfield><subfield code="d">2/25/2015</subfield><subfield code="l">ON_SHELF</subfield><subfield code="m">GR_MACEWAN</subfield><subfield code="p">$86.04</subfield><subfield code="r">Y</subfield><subfield code="s">Y</subfield><subfield code="t">BOOK</subfield><subfield code="u">2/12/2015</subfield></datafield></record>